@misc{ Adit ,
       author = "AditKabra",
       howpublished = {\url{https://www.cse.iitb.ac.in/~kabraadit/report.pdf}}}
@misc{ iforce ,
       author = "iforce",
       howpublished = {\url{https://www.iforce2d.net/b2dtut}}}
@misc{ cocos2d ,
       author = "cocos2d",
       howpublished = {\url{http://www.learn-cocos2d.com/api-ref/1.0/Box2D/html/}}}
@misc{ stack ,
       title = "Stack Overflow",
       howpublished = {\url{http://stackoverflow.com/}}}

@misc{ gprof , 
	   title = "gprof",
	   howpublished = {\url{https://sourceware.org/binutils/docs/gprof/}}}
